<?xml version="1.0" encoding="UTF-8"?><collection xmlns="http://www.loc.gov/MARC21/slim"><record><leader>00458nam--2200157-i-4500</leader><controlfield tag="001">000014641</controlfield><controlfield tag="002">20161230</controlfield><controlfield tag="005">20170302003141</controlfield><controlfield tag="008">060222s1000------------r-----000-0-eng-d</controlfield><datafield ind1=" " ind2=" " tag="100"><subfield code="a">Braileanu, Alin</subfield></datafield><datafield ind1=" " ind2=" " tag="245"><subfield code="a">Pneumologie nucleara. Modalitati actuale de exploatare a functiei pulmonare regionale</subfield></datafield><datafield ind1=" " ind2=" " tag="260"><subfield code="a">Cluj-Napoca</subfield><subfield code="b">Ed.Dacia</subfield><subfield code="c">1983</subfield></datafield><datafield ind1=" " ind2=" " tag="300"><subfield code="a">242 p.+XVIII Fig</subfield></datafield><datafield ind1=" " ind2=" " tag="700"><subfield code="a">Szantay, J</subfield></datafield><datafield ind1=" " ind2=" " tag="852"><subfield code="a">616.2:616.073.75</subfield></datafield><datafield ind1=" " ind2=" " tag="CAT"><subfield code="a">SYS</subfield><subfield code="c">20170302</subfield><subfield code="h">003141</subfield></datafield></record></collection>